<?xml version="1.0" encoding="UTF-8"?><record xmlns="http://www.loc.gov/MARC21/slim" xmlns:cinclude="http://apache.org/cocoon/include/1.0" xmlns:zs="http://www.loc.gov/zing/srw/">
  <leader>00647nz  a2200169n  4500</leader>
  <controlfield tag="001">no2011020005</controlfield>
  <controlfield tag="003">DLC</controlfield>
  <controlfield tag="005">20110210075200.0</controlfield>
  <controlfield tag="008">110208n| acannaabn          |a ana      </controlfield>
  <datafield tag="010" ind1=" " ind2=" ">
    <subfield code="a">no2011020005</subfield>
  </datafield>
  <datafield tag="035" ind1=" " ind2=" ">
    <subfield code="a">(OCoLC)oca08760879</subfield>
  </datafield>
  <datafield tag="040" ind1=" " ind2=" ">
    <subfield code="a">SaPrNL</subfield>
    <subfield code="b">eng</subfield>
    <subfield code="c">SaPrNL</subfield>
  </datafield>
  <datafield tag="042" ind1=" " ind2=" ">
    <subfield code="a">sanb</subfield>
  </datafield>
  <datafield tag="110" ind1="1" ind2=" ">
    <subfield code="a">South Africa.</subfield>
    <subfield code="t">Securities Transfer Tax Act, 2007</subfield>
  </datafield>
  <datafield tag="410" ind1="1" ind2=" ">
    <subfield code="a">South Africa.</subfield>
    <subfield code="t">Securities Transfer Tax Act no. 25 of 2007</subfield>
  </datafield>
  <datafield tag="670" ind1=" " ind2=" ">
    <subfield code="a">Indirect tax handbook 2008/2009, c2008:</subfield>
    <subfield code="b">p. 459 (Securities Transfer Tax Act no. 25 of 2007) citation title p. 464 (Securities Transfer Tax Act, 2007)</subfield>
  </datafield>
  <datafield tag="710" ind1="1" ind2="7">
    <subfield code="a">South Africa.</subfield>
    <subfield code="t">Securities Transfer Tax Act, 2007</subfield>
    <subfield code="2">sanb</subfield>
  </datafield>
</record>